<record><leader>00000cas a22000007a 4500</leader><controlfield tag="001">13958140</controlfield><controlfield tag="008">860728d19271958nvuwr ne      0    0eng d</controlfield><datafield ind1=" " ind2=" " tag="010"><subfield code="a">sn 86076334 </subfield></datafield><datafield ind1=" " ind2=" " tag="040"><subfield code="a">NNX</subfield><subfield code="b">eng</subfield><subfield code="c">NNX</subfield><subfield code="d">OCLCQ</subfield></datafield><datafield ind1=" " ind2=" " tag="042"><subfield code="a">msc</subfield></datafield><datafield ind1="0" ind2="4" tag="245"><subfield code="a">The Fallon eagle.</subfield></datafield><datafield ind1="1" ind2="3" tag="246"><subfield code="a">Fallon eagle and the Fallon standard</subfield></datafield><datafield ind1=" " ind2=" " tag="260"><subfield code="a">Fallon, Nev. :</subfield><subfield code="b">D.E. Williams,</subfield><subfield code="c">1927-1958.</subfield></datafield><datafield ind1=" " ind2=" " tag="300"><subfield code="a">32 v. :</subfield><subfield code="b">ill.</subfield></datafield><datafield ind1=" " ind2=" " tag="310"><subfield code="a">Weekly</subfield></datafield><datafield ind1="0" ind2=" " tag="362"><subfield code="a">Vol. 21, no. 52 (Sept. 17, 1927)-v. 52, no. 11 (Oct. 30, 1958).</subfield></datafield><datafield ind1=" " ind2=" " tag="500"><subfield code="a">Title varies slightly: Fallon eagle and the Fallon standard, July 24, 1958-Oct. 30, 1958.</subfield></datafield><datafield ind1=" " ind2=" " tag="500"><subfield code="a">Publisher: Jan. 30, 1937-Aug. 6, 1938, Mr. and Mrs. D.E. Williams; Aug. 13, 1938-Apr. 30, 1955, Mrs. D.E. Williams; May 7, 1955-June 1, 1956, C. Sunderland; June 8, 1956-Aug. 31, 1956, W.J. Cary, Jr. and E.A. Stone; Sept. 7, 1956-Feb. 7, 1958, W.J. Cary, Jr.; Feb. 14, 1958-Oct. 30, 1958, Fallon Pub. Co.</subfield></datafield><datafield ind1=" " ind2=" " tag="525"><subfield code="a">Supplements accompany some issues.</subfield></datafield><datafield ind1=" " ind2=" " tag="752"><subfield code="a">United States</subfield><subfield code="b">Nevada</subfield><subfield code="c">Churchill</subfield><subfield code="d">Fallon.</subfield></datafield><datafield ind1="0" ind2="0" tag="780"><subfield code="t">Churchill county eagle</subfield><subfield code="w">(DLC)sn 86076302</subfield></datafield><datafield ind1="0" ind2="7" tag="785"><subfield code="t">Fallon standard</subfield><subfield code="w">(DLC)sn 86076304</subfield></datafield><datafield ind1="0" ind2="7" tag="785"><subfield code="t">Eagle-standard</subfield><subfield code="w">(DLC)sn 86076305</subfield></datafield></record>